
@conference{gong2004guidelines,
	Author = {Gong, J. and Tarasewich, P.},
	Booktitle = {Proceedings of DSI 2004 Annual Meeting},
	Date-Added = {2010-11-27 14:03:01 +0000},
	Date-Modified = {2010-11-27 14:03:01 +0000},
	Organization = {Citeseer},
	Pages = {3751--3756},
	Title = {Guidelines for handheld mobile device interface design},
	Year = {2004}}

@article{hollerer2001user,
	Author = {H{\"o}llerer, T. and Feiner, S. and Hallaway, D. and Bell, B. and Lanzagorta, M. and Brown, D. and Julier, S. and Baillot, Y. and Rosenblum, L.},
	Date-Modified = {2010-11-27 14:05:50 +0000},
	Issn = {0097-8493},
	Journal = {Computers \& Graphics},
	Number = {5},
	Pages = {799--810},
	Publisher = {Elsevier},
	Title = {User interface management techniques for collaborative mobile augmented reality},
	Volume = {25},
	Year = {2001}}
