%% This BibTeX bibliography file was created using BibDesk.
%% http://bibdesk.sourceforge.net/


%% Created for Tom Hennigan at 2010-05-05 12:41:54 +0100 


%% Saved with string encoding Unicode (UTF-8) 



@article{Damper:1997,
	Author = {Damper, R.I. and Eastmond, J.F.G.},
	Date-Added = {2010-05-05 12:39:13 +0100},
	Date-Modified = {2010-05-05 12:41:54 +0100},
	Journal = {Language and Speech},
	Month = {April},
	Title = {Pronunciation by Analogy: Impact of Implementational Choices on Performance},
	Year = {1997}}

@article{Elovitz:1976,
	Author = {Elovitz, Honey S. and Johnson, Rodney and McHugh, Astrid and E. Shore, John},
	Date-Added = {2010-05-05 10:48:27 +0100},
	Date-Modified = {2010-05-05 10:53:52 +0100},
	Journal = {IEEE Transactions on Accoustics, Speech, and Signal Processing},
	Month = {December},
	Number = {6},
	Pages = {446-459},
	Read = {Yes},
	Title = {Letter-to-Sound Rules for AUtomatic Translation of English Text to Phonetics},
	Volume = {ASSP-24},
	Year = {1976}}
