%% This BibTeX bibliography file was created using BibDesk.
%% http://bibdesk.sourceforge.net/


%% Created for Tom Hennigan at 2012-03-03 20:45:52 +0000 


%% Saved with string encoding Unicode (UTF-8) 



@book{cormack1994arterial,
	Author = {Cormack, G.C. and Lamberty, B.G.H.},
	Date-Added = {2012-03-03 20:45:34 +0000},
	Date-Modified = {2012-03-03 20:45:34 +0000},
	Publisher = {Churchill Livingstone London},
	Title = {The arterial anatomy of skin flaps},
	Year = {1994}}
