%% This BibTeX bibliography file was created using BibDesk.
%% http://bibdesk.sourceforge.net/


%% Created for Tom Hennigan at 2011-03-25 16:29:33 +0000 


%% Saved with string encoding Unicode (UTF-8) 



@book{ruddock1951italian,
	Author = {Ruddock, A.A.},
	Date-Added = {2011-03-25 16:29:30 +0000},
	Date-Modified = {2011-03-25 16:29:30 +0000},
	Publisher = {University College},
	Title = {Italian merchants and shipping in Southampton, 1270-1600},
	Year = {1951}}

@book{josey1998southampton,
	Author = {Josey, S.A. and Kent, E.C. and Taylor, P.K.},
	Date-Added = {2011-03-25 16:29:30 +0000},
	Date-Modified = {2011-03-25 16:29:30 +0000},
	Publisher = {James Rennell Division for Ocean Circulation and Climate, Southampton Oceanography Centre, University of Southampton},
	Title = {The Southampton Oceanography Centre (SOC) ocean-atmosphere heat, momentum and freshwater flux atlas},
	Year = {1998}}

@article{bradley1999development,
	Author = {Bradley, F. and Wiles, R. and Kinmonth, A.L. and Mant, D. and Gantley, M.},
	Date-Added = {2011-03-25 16:29:29 +0000},
	Date-Modified = {2011-03-25 16:29:29 +0000},
	Issn = {0959-8138},
	Journal = {Bmj},
	Number = {7185},
	Pages = {711},
	Publisher = {British Medical Journal Publishing Group},
	Title = {Development and evaluation of complex interventions in health services research: case study of the Southampton heart integrated care project (SHIP)},
	Volume = {318},
	Year = {1999}}

@article{matthews2000donepezil,
	Author = {Matthews, H.P. and Korbey, J. and Wilkinson, D.G. and Rowden, J.},
	Date-Added = {2011-03-25 16:29:28 +0000},
	Date-Modified = {2011-03-25 16:29:28 +0000},
	Issn = {1099-1166},
	Journal = {International journal of geriatric psychiatry},
	Number = {8},
	Pages = {713--720},
	Publisher = {Wiley Online Library},
	Title = {Donepezil in Alzheimer's disease: eighteen month results from Southampton Memory Clinic},
	Volume = {15},
	Year = {2000}}

@article{jolly1999randomised,
	Author = {Jolly, K. and Bradley, F. and Sharp, S. and Smith, H. and Thompson, S. and Kinmonth, A.L. and Mant, D.},
	Date-Added = {2011-03-25 16:29:28 +0000},
	Date-Modified = {2011-03-25 16:29:28 +0000},
	Issn = {0959-8138},
	Journal = {BMJ},
	Number = {7185},
	Pages = {706},
	Publisher = {British Medical Journal Publishing Group},
	Title = {Randomised controlled trial of follow up care in general practice of patients with myocardial infarction and angina: final results of the Southampton heart integrated care project (SHIP)},
	Volume = {318},
	Year = {1999}}

@article{gupta2000randomised,
	Author = {Gupta, R. and Patel, K. and Calder, PC and Yaqoob, P. and Primrose, JN and Johnson, CD},
	Date-Added = {2011-03-25 16:29:27 +0000},
	Date-Modified = {2011-03-25 16:29:27 +0000},
	Issn = {1424-3903},
	Journal = {Pancreatology},
	Number = {5},
	Pages = {406--413},
	Publisher = {Karger Publishers},
	Title = {A Randomised Clinical Trial to Assess the Effect of Total Enteral and Total Parenteral Nutritional Support on Metabolic, Inflammatory and Oxidative Markers in Patients with Predicted Severe Acute Pancreatitis (APACHE II> 6)(R. Gupta et al., Southampton)},
	Volume = {3},
	Year = {2000}}

@misc{muller1972extensible,
	Author = {muller Southampton, W.},
	Date-Added = {2011-03-25 16:29:26 +0000},
	Date-Modified = {2011-03-25 16:29:26 +0000},
	Month = jan # {~4},
	Note = {US Patent 3,631,848},
	Publisher = {Google Patents},
	Title = {EXTENSIBLE CATHETER},
	Year = {1972}}

@article{southamptonnational,
	Author = {Southampton, UK},
	Date-Added = {2011-03-25 16:29:26 +0000},
	Date-Modified = {2011-03-25 16:29:26 +0000},
	Journal = {Southampton, 92pp},
	Title = {National Oceanography Centre}}

@article{mead1996wave,
	Author = {Mead, DM},
	Date-Added = {2011-03-25 16:29:25 +0000},
	Date-Modified = {2011-03-25 16:29:25 +0000},
	Issn = {0022-460X},
	Journal = {Journal of Sound and Vibration},
	Number = {3},
	Pages = {495--524},
	Publisher = {Elsevier},
	Title = {Wave propagation in continuous periodic structures: research contributions from Southampton, 1964-1995},
	Volume = {190},
	Year = {1996}}
