%% This BibTeX bibliography file was created using BibDesk.
%% http://bibdesk.sourceforge.net/


%% Created for Tom Hennigan at 2011-03-25 13:29:52 +0000 


%% Saved with string encoding Unicode (UTF-8) 

@article{horenblas1992squamous,
	Author = {Horenblas, S. and Van Tinteren, H. and Delemarre, JF and Boon, TA and Moonen, LM and Lustig, V.},
	Date-Added = {2011-03-25 16:28:55 +0000},
	Date-Modified = {2011-03-25 16:28:55 +0000},
	Issn = {0022-5347},
	Journal = {The Journal of urology},
	Number = {6},
	Pages = {1533},
	Title = {Squamous cell carcinoma of the penis. II. Treatment of the primary tumor.},
	Volume = {147},
	Year = {1992}}

@article{guillette1996reduction,
	Author = {Guillette Jr, L.J. and Pickford, D.B. and Crain, D.A. and Rooney, A.A. and Percival, H.F.},
	Date-Added = {2011-03-25 16:28:50 +0000},
	Date-Modified = {2011-03-25 16:28:50 +0000},
	Issn = {0016-6480},
	Journal = {General and Comparative Endocrinology},
	Number = {1},
	Pages = {32--42},
	Publisher = {New York, Academic Press.},
	Title = {Reduction in penis size and plasma testosterone concentrations in juvenile alligators living in a contaminated environment},
	Volume = {101},
	Year = {1996}}

@article{hooper1964glans,
	Author = {Hooper, E.T. and Musser, G.G.},
	Date-Added = {2011-03-25 16:28:49 +0000},
	Date-Modified = {2011-03-25 16:28:49 +0000},
	Publisher = {University of Michigan Museum of Zoology},
	Title = {The glans penis in Neotropical cricetines (family Muridae) with comments on classification of muroid rodents},
	Year = {1964}}

@article{burnett1997nitric,
	Author = {Burnett, A.L.},
	Date-Added = {2011-03-25 16:28:47 +0000},
	Date-Modified = {2011-03-25 16:28:47 +0000},
	Issn = {0022-5347},
	Journal = {The Journal of urology},
	Number = {1},
	Pages = {320--324},
	Publisher = {Elsevier},
	Title = {Nitric oxide in the penis: physiology and pathology},
	Volume = {157},
	Year = {1997}}
